@online{skype,
	author = "Microsoft",
	title = "Skype | Twój sposób na bezpłatne rozmowy i czat",
	url = "https://www.skype.com/pl/",
	addendum = "(dostęp: 20.05.2021)"
}

@online{teamspeak,
	author = "TeamSpeak Systems GmbH",
	title = "Home | TeamSpeak",
	url = "https://www.teamspeak.com/pl/",
	addendum = "(dostęp: 20.05.2021)"
}

@online{msteams,
	author = "Microsoft",
	title = "Konferencje wideo, spotkania, połączenia | Microsoft Teams",
	url = "https://www.microsoft.com/pl-pl/microsoft-teams/group-chat-software",
	addendum = "(dostęp: 20.05.2021)"
}

@online{sqlite,
	author = "D. Richard Hipp",
	title = "SQLite Home Page",
	url = "https://www.sqlite.org/index.html",
	addendum = "(dostęp: 20.05.2021)"
}

@online{discordpydocs,
	author = "Rapptz",
	title = "Welcome to discord.py",
	url = "https://discordpy.readthedocs.io/en/stable/",
	addendum = "(dostęp: 20.05.2021)"
}

@online{discordpyexamples,
	author = "Rapptz",
	title = "discord.py/examples at master · Rapptz/discord.py · GitHub",
	url = "https://github.com/Rapptz/discord.py/tree/master/examples",
	addendum = "(dostęp: 20.05.2021)"
}

@online{discorddev,
	author = "Discord Inc",
	title = "Creating a Bot Account",
	url = "https://discordpy.readthedocs.io/en/stable/discord.html",
	addendum = "(dostęp: 20.05.2021)"
}

@online{discordserversetup,
	author = "Discord Inc",
	title = "Jak stworzyć serwer? – Discord",
	url = "https://support.discord.com/hc/pl/articles/204849977-Jak-stworzy%C4%87-serwer-",
	addendum = "(dostęp: 20.05.2021)"
}

@online{sesjarpg,
	author = "Wikipedia",
	title = "Gra fabularna – Wikipedia, wolna encyklopedia",
	url = "https://pl.wikipedia.org/wiki/Gra_fabularna",
	addendum = "(dostęp: 20.05.2021)"
}

@online{lovecraft,
	author = "Wikipedia",
	title = "H.P. Lovecraft – Wikipedia, wolna encyklopedia",
	url = "https://pl.wikipedia.org/wiki/H.P._Lovecraft",
	addendum = "(dostęp: 20.05.2021)"
}

@online{baniakbaniaka,
	author = "Baniak Baniaka",
	title = "Baniak Baniaka - YouTube",
	url = "https://www.youtube.com/channel/UCXnI7wpHJ-x8bafp1BK3DUQ",
	addendum = "(dostęp: 20.05.2021)"
}

@online{sqlalchemydocs,
	author = "Michael Bayer",
	title = "SQLAlchemy - The Database Toolkit for Python",
	url = "https://www.sqlalchemy.org/",
	addendum = "(dostęp: 20.05.2021)"
}

@online{jetbrainsPycharm,
	author = "JetBrains",
	title = "PyCharm: the Python IDE for Professional Developers by JetBrains",
	url = "https://www.jetbrains.com/pycharm/",
	addendum = "(dostęp: 20.05.2021)"
}














